<?xml version="1.0" encoding="UTF-8"?>
<collection>
  <record xmlns="http://www.loc.gov/MARC21/slim">
    <leader>00856cam a2200301   4500</leader>
    <controlfield tag="001">113583</controlfield>
    <controlfield tag="005">20110324153323.0</controlfield>
    <controlfield tag="008">801223n    1977xx            00000 eng u</controlfield>
    <datafield tag="010" ind1=" " ind2=" ">
      <subfield code="a">76025952</subfield>
    </datafield>
    <datafield tag="020" ind1=" " ind2=" ">
      <subfield code="a">0131217070</subfield>
    </datafield>
    <datafield tag="035" ind1=" " ind2=" ">
      <subfield code="a">(OCoLC)ocn687373366</subfield>
    </datafield>
    <datafield tag="035" ind1=" " ind2=" ">
      <subfield code="a">(CStRLIN)CTYG2716000-B</subfield>
    </datafield>
    <datafield tag="035" ind1=" " ind2=" ">
      <subfield code="9">AAM4275YL</subfield>
    </datafield>
    <datafield tag="035" ind1=" " ind2=" ">
      <subfield code="a">113583</subfield>
    </datafield>
    <datafield tag="040" ind1=" " ind2=" ">
      <subfield code="c">NTRS</subfield>
      <subfield code="d">CtY</subfield>
    </datafield>
    <datafield tag="079" ind1=" " ind2=" ">
      <subfield code="a">ocm02716000</subfield>
    </datafield>
    <datafield tag="090" ind1=" " ind2=" ">
      <subfield code="a">QH581</subfield>
      <subfield code="b">.S78 1977</subfield>
    </datafield>
    <datafield tag="100" ind1="1" ind2=" ">
      <subfield code="a">Swanson, Carl P.</subfield>
    </datafield>
    <datafield tag="245" ind1="1" ind2="4">
      <subfield code="a">The cell /</subfield>
      <subfield code="c">Carl P. Swanson, Peter L. Webster.</subfield>
    </datafield>
    <datafield tag="250" ind1=" " ind2=" ">
      <subfield code="a">4th ed.</subfield>
    </datafield>
    <datafield tag="260" ind1="0" ind2=" ">
      <subfield code="a">Englewood Cliffs, N.J. :</subfield>
      <subfield code="b">Prentice-Hall,</subfield>
      <subfield code="c">1977.</subfield>
    </datafield>
    <datafield tag="300" ind1=" " ind2=" ">
      <subfield code="a">xvi, 304 p. :</subfield>
      <subfield code="b">ill. (part col.) ;</subfield>
      <subfield code="c">24 cm.</subfield>
    </datafield>
    <datafield tag="440" ind1=" " ind2="0">
      <subfield code="a">Prentice-Hall foundations of modern biology series</subfield>
    </datafield>
    <datafield tag="504" ind1=" " ind2=" ">
      <subfield code="a">Bibliography: p. 290-291.</subfield>
    </datafield>
    <datafield tag="650" ind1=" " ind2="0">
      <subfield code="a">Cells.</subfield>
    </datafield>
    <datafield tag="700" ind1="1" ind2=" ">
      <subfield code="a">Webster, Peter L.,</subfield>
      <subfield code="d">1940-</subfield>
    </datafield>
    <datafield tag="928" ind1=" " ind2=" ">
      <subfield code="a">AC031297</subfield>
    </datafield>
    <datafield tag="948" ind1=" " ind2=" ">
      <subfield code="a">OCLC</subfield>
    </datafield>
  </record>