
  <record xmlns="http://www.loc.gov/MARC21/slim">
    <leader>01047cam a2200265 i 4500</leader>
    <controlfield tag="001">123546</controlfield>
    <controlfield tag="005">20110324154149.0</controlfield>
    <controlfield tag="008">801224s    1976ck df    b    00010 spa d</controlfield>
    <datafield tag="035" ind1=" " ind2=" ">
      <subfield code="a">(OCoLC)ocn687420731</subfield>
    </datafield>
    <datafield tag="035" ind1=" " ind2=" ">
      <subfield code="a">(CStRLIN)CTYG2909816-B</subfield>
    </datafield>
    <datafield tag="035" ind1=" " ind2=" ">
      <subfield code="9">AAN4291YL</subfield>
    </datafield>
    <datafield tag="035" ind1=" " ind2=" ">
      <subfield code="a">123546</subfield>
    </datafield>
    <datafield tag="040" ind1=" " ind2=" ">
      <subfield code="a">TxU</subfield>
      <subfield code="c">TxU</subfield>
      <subfield code="d">CtY</subfield>
    </datafield>
    <datafield tag="079" ind1=" " ind2=" ">
      <subfield code="a">ocm02909816</subfield>
    </datafield>
    <datafield tag="090" ind1=" " ind2=" ">
      <subfield code="a">HD1491.L28</subfield>
      <subfield code="b">G38</subfield>
    </datafield>
    <datafield tag="100" ind1="1" ind2=" ">
      <subfield code="a">García, Antonio,</subfield>
      <subfield code="d">1912-</subfield>
    </datafield>
    <datafield tag="245" ind1="1" ind2="4">
      <subfield code="a">Las cooperativas en las reformas agrarias estructurales de América Latina :</subfield>
      <subfield code="b">la experiencia histórica de México, Bolivia y Cuba /</subfield>
      <subfield code="c">Antonio García.</subfield>
    </datafield>
    <datafield tag="260" ind1="0" ind2=" ">
      <subfield code="a">Bogotá :</subfield>
      <subfield code="b">Ediciones Colatina,</subfield>
      <subfield code="c">1976.</subfield>
    </datafield>
    <datafield tag="300" ind1=" " ind2=" ">
      <subfield code="a">53 p., [2] leaves of plates :</subfield>
      <subfield code="b">diagrs. ;</subfield>
      <subfield code="c">20 cm.</subfield>
    </datafield>
    <datafield tag="500" ind1=" " ind2=" ">
      <subfield code="a">"El texto ... corresponde a la tercera parte de la obra ... 'Las cooperativas agrarias en el desarrollo de América Latina' del profesor Antonio García."</subfield>
    </datafield>
    <datafield tag="504" ind1=" " ind2=" ">
      <subfield code="a">Includes bibliographical references.</subfield>
    </datafield>
    <datafield tag="650" ind1=" " ind2="0">
      <subfield code="a">Agriculture, Cooperative</subfield>
      <subfield code="z">Latin America.</subfield>
    </datafield>
    <datafield tag="650" ind1=" " ind2="0">
      <subfield code="a">Land reform</subfield>
      <subfield code="z">Latin America.</subfield>
    </datafield>
    <datafield tag="928" ind1=" " ind2=" ">
      <subfield code="a">AC031297</subfield>
    </datafield>
    <datafield tag="948" ind1=" " ind2=" ">
      <subfield code="a">OCLC</subfield>
    </datafield>
  </record>