
  <record xmlns="http://www.loc.gov/MARC21/slim">
    <leader>00768cam a2200253   4500</leader>
    <controlfield tag="001">129379</controlfield>
    <controlfield tag="005">20110324154634.0</controlfield>
    <controlfield tag="008">801225s    1965bl            00000 por</controlfield>
    <datafield tag="010" ind1=" " ind2=" ">
      <subfield code="a">67002483</subfield>
    </datafield>
    <datafield tag="035" ind1=" " ind2=" ">
      <subfield code="a">(OCoLC)ocn687449114</subfield>
    </datafield>
    <datafield tag="035" ind1=" " ind2=" ">
      <subfield code="a">(CStRLIN)CTYG3010424-B</subfield>
    </datafield>
    <datafield tag="035" ind1=" " ind2=" ">
      <subfield code="9">AAP0149YL</subfield>
    </datafield>
    <datafield tag="035" ind1=" " ind2=" ">
      <subfield code="a">129379</subfield>
    </datafield>
    <datafield tag="040" ind1=" " ind2=" ">
      <subfield code="a">DLC</subfield>
      <subfield code="c">CtY</subfield>
    </datafield>
    <datafield tag="050" ind1="0" ind2=" ">
      <subfield code="a">F2616</subfield>
      <subfield code="b">.C29</subfield>
    </datafield>
    <datafield tag="079" ind1=" " ind2=" ">
      <subfield code="a">ocm03010424</subfield>
    </datafield>
    <datafield tag="090" ind1=" " ind2=" ">
      <subfield code="a">F2616</subfield>
      <subfield code="b">.C29</subfield>
    </datafield>
    <datafield tag="100" ind1="1" ind2=" ">
      <subfield code="a">Cascudo, Luís da Câmara,</subfield>
      <subfield code="d">1898-1986.</subfield>
    </datafield>
    <datafield tag="245" ind1="1" ind2="0">
      <subfield code="a">História da República no Rio Grande do Norte;</subfield>
      <subfield code="b">da propaganda à primeira eleição direta para governador.</subfield>
    </datafield>
    <datafield tag="260" ind1="0" ind2=" ">
      <subfield code="a">Rio de Janeiro,</subfield>
      <subfield code="b">Edições do Val,</subfield>
      <subfield code="c">1965.</subfield>
    </datafield>
    <datafield tag="300" ind1=" " ind2=" ">
      <subfield code="a">306 p.</subfield>
      <subfield code="c">21 cm.</subfield>
    </datafield>
    <datafield tag="651" ind1=" " ind2="0">
      <subfield code="a">Rio Grande do Norte (Brazil)</subfield>
      <subfield code="x">History.</subfield>
    </datafield>
    <datafield tag="928" ind1=" " ind2=" ">
      <subfield code="a">AC031297</subfield>
    </datafield>
    <datafield tag="948" ind1=" " ind2=" ">
      <subfield code="a">OCLC</subfield>
    </datafield>
  </record>