
  <record xmlns="http://www.loc.gov/MARC21/slim">
    <leader>00939cam a2200277   4500</leader>
    <controlfield tag="001">129380</controlfield>
    <controlfield tag="005">20110324154634.0</controlfield>
    <controlfield tag="008">801225s    1919uy            00010 spa</controlfield>
    <datafield tag="010" ind1=" " ind2=" ">
      <subfield code="a">30001649</subfield>
    </datafield>
    <datafield tag="035" ind1=" " ind2=" ">
      <subfield code="a">(OCoLC)ocn687449118</subfield>
    </datafield>
    <datafield tag="035" ind1=" " ind2=" ">
      <subfield code="a">(CStRLIN)CTYG3010454-B</subfield>
    </datafield>
    <datafield tag="035" ind1=" " ind2=" ">
      <subfield code="9">AAP0150YL</subfield>
    </datafield>
    <datafield tag="035" ind1=" " ind2=" ">
      <subfield code="a">129380</subfield>
    </datafield>
    <datafield tag="040" ind1=" " ind2=" ">
      <subfield code="a">DLC</subfield>
      <subfield code="c">CtY</subfield>
    </datafield>
    <datafield tag="050" ind1="0" ind2=" ">
      <subfield code="a">F2726</subfield>
      <subfield code="b">.Z95</subfield>
    </datafield>
    <datafield tag="079" ind1=" " ind2=" ">
      <subfield code="a">ocm03010454</subfield>
    </datafield>
    <datafield tag="090" ind1=" " ind2=" ">
      <subfield code="a">F2726</subfield>
      <subfield code="b">.Z85</subfield>
    </datafield>
    <datafield tag="100" ind1="1" ind2=" ">
      <subfield code="a">Zum Felde, Alberto,</subfield>
      <subfield code="d">1888-</subfield>
    </datafield>
    <datafield tag="245" ind1="1" ind2="0">
      <subfield code="a">Proceso histórico del Uruguay,</subfield>
      <subfield code="b">esquema de una sociología nacional,</subfield>
      <subfield code="c">por Alberto Zum Felde; comprende la evolucion social y political del país desde la fundacion de Montevideo hasta la reforma de la constitucion.</subfield>
    </datafield>
    <datafield tag="260" ind1="0" ind2=" ">
      <subfield code="a">Montevideo,</subfield>
      <subfield code="b">M. Garcia</subfield>
      <subfield code="c">[pref. 1919]</subfield>
    </datafield>
    <datafield tag="300" ind1=" " ind2=" ">
      <subfield code="a">276 p.</subfield>
      <subfield code="c">19 cm.</subfield>
    </datafield>
    <datafield tag="490" ind1="0" ind2=" ">
      <subfield code="a">Biblioteca de autores uruguayos</subfield>
    </datafield>
    <datafield tag="651" ind1=" " ind2="0">
      <subfield code="a">Uruguay</subfield>
      <subfield code="x">Social conditions.</subfield>
    </datafield>
    <datafield tag="651" ind1=" " ind2="0">
      <subfield code="a">Uruguay</subfield>
      <subfield code="x">Politics and government.</subfield>
    </datafield>
    <datafield tag="928" ind1=" " ind2=" ">
      <subfield code="a">AC031297</subfield>
    </datafield>
    <datafield tag="948" ind1=" " ind2=" ">
      <subfield code="a">OCLC</subfield>
    </datafield>
  </record>