
  <record xmlns="http://www.loc.gov/MARC21/slim">
    <leader>00927cam a2200277   4500</leader>
    <controlfield tag="001">129407</controlfield>
    <controlfield tag="005">20110324154636.0</controlfield>
    <controlfield tag="008">801225n    1911xx            00000 eng u</controlfield>
    <datafield tag="035" ind1=" " ind2=" ">
      <subfield code="a">(OCoLC)ocn687449215</subfield>
    </datafield>
    <datafield tag="035" ind1=" " ind2=" ">
      <subfield code="a">(CStRLIN)CTYG3010988-B</subfield>
    </datafield>
    <datafield tag="035" ind1=" " ind2=" ">
      <subfield code="9">AAP0177YL</subfield>
    </datafield>
    <datafield tag="035" ind1=" " ind2=" ">
      <subfield code="a">129407</subfield>
    </datafield>
    <datafield tag="040" ind1=" " ind2=" ">
      <subfield code="c">OCH</subfield>
      <subfield code="d">CtY</subfield>
    </datafield>
    <datafield tag="050" ind1="0" ind2=" ">
      <subfield code="a">DT57</subfield>
      <subfield code="b">.P4</subfield>
    </datafield>
    <datafield tag="079" ind1=" " ind2=" ">
      <subfield code="a">ocm03010988</subfield>
    </datafield>
    <datafield tag="090" ind1=" " ind2=" ">
      <subfield code="a">DT57</subfield>
      <subfield code="b">.P45 7-8</subfield>
    </datafield>
    <datafield tag="100" ind1="1" ind2=" ">
      <subfield code="a">Randall-MacIver, David,</subfield>
      <subfield code="d">1873-1945.</subfield>
    </datafield>
    <datafield tag="245" ind1="1" ind2="0">
      <subfield code="a">Buhen,</subfield>
      <subfield code="c">by D. Randall-Maciver and C. Leonard Wolley.</subfield>
    </datafield>
    <datafield tag="260" ind1="0" ind2=" ">
      <subfield code="a">Philadelphia,</subfield>
      <subfield code="b">University Museum,</subfield>
      <subfield code="c">1911.</subfield>
    </datafield>
    <datafield tag="300" ind1=" " ind2=" ">
      <subfield code="a">2 v.</subfield>
      <subfield code="b">(plans) 96 pl., plans A-G (2 fold.)</subfield>
      <subfield code="c">28 cm.</subfield>
    </datafield>
    <datafield tag="490" ind1="0" ind2=" ">
      <subfield code="a">University of Pennsylvania. Egyptian Department of the University Museum. Eckley B. Coxe Junior expedition to Nubia: vol. VII-VIII.</subfield>
    </datafield>
    <datafield tag="505" ind1="0" ind2=" ">
      <subfield code="a">[1] Text.--[2] Plates.</subfield>
    </datafield>
    <datafield tag="651" ind1=" " ind2="0">
      <subfield code="a">Buhen (Egypt)</subfield>
    </datafield>
    <datafield tag="700" ind1="1" ind2=" ">
      <subfield code="a">Wolley, Charles Leonard,</subfield>
      <subfield code="c">Sir,</subfield>
      <subfield code="d">1880-1960.</subfield>
    </datafield>
    <datafield tag="928" ind1=" " ind2=" ">
      <subfield code="a">AC031297</subfield>
    </datafield>
    <datafield tag="948" ind1=" " ind2=" ">
      <subfield code="a">OCLC</subfield>
    </datafield>
  </record>