
  <record xmlns="http://www.loc.gov/MARC21/slim">
    <leader>00783cam a2200265 i 4500</leader>
    <controlfield tag="001">139074</controlfield>
    <controlfield tag="005">20110324155407.0</controlfield>
    <controlfield tag="008">801226s    1972gw ah         00000 ger d</controlfield>
    <datafield tag="010" ind1=" " ind2=" ">
      <subfield code="a">73208644</subfield>
    </datafield>
    <datafield tag="035" ind1=" " ind2=" ">
      <subfield code="a">(OCoLC)ocn687510057</subfield>
    </datafield>
    <datafield tag="035" ind1=" " ind2=" ">
      <subfield code="a">(CStRLIN)CTYG3215854-B</subfield>
    </datafield>
    <datafield tag="035" ind1=" " ind2=" ">
      <subfield code="9">AAP9893YL</subfield>
    </datafield>
    <datafield tag="035" ind1=" " ind2=" ">
      <subfield code="a">139074</subfield>
    </datafield>
    <datafield tag="040" ind1=" " ind2=" ">
      <subfield code="a">GU</subfield>
      <subfield code="c">GU</subfield>
      <subfield code="d">CtY</subfield>
    </datafield>
    <datafield tag="050" ind1=" " ind2=" ">
      <subfield code="a">D810.P6</subfield>
      <subfield code="b">K57</subfield>
    </datafield>
    <datafield tag="079" ind1=" " ind2=" ">
      <subfield code="a">ocm03215854</subfield>
    </datafield>
    <datafield tag="090" ind1=" " ind2=" ">
      <subfield code="a">D810.P6</subfield>
      <subfield code="b">K57</subfield>
    </datafield>
    <datafield tag="100" ind1="1" ind2=" ">
      <subfield code="a">Kirchner, Klaus.</subfield>
    </datafield>
    <datafield tag="245" ind1="1" ind2="0">
      <subfield code="a">FlugblattPropaganda im 2. Weltkrieg Europa /</subfield>
      <subfield code="c">Klaus Kirchner.</subfield>
    </datafield>
    <datafield tag="260" ind1="0" ind2=" ">
      <subfield code="a">München :</subfield>
      <subfield code="b">Verlag für Zeitgeschichtliche Dokumente und Curiosa,</subfield>
      <subfield code="c">c1972.</subfield>
    </datafield>
    <datafield tag="300" ind1=" " ind2=" ">
      <subfield code="a">36, [1] p. :</subfield>
      <subfield code="b">20 facsims. ;</subfield>
      <subfield code="c">31 cm.</subfield>
    </datafield>
    <datafield tag="504" ind1=" " ind2=" ">
      <subfield code="a">Bibliography: p. [37]</subfield>
    </datafield>
    <datafield tag="650" ind1=" " ind2="0">
      <subfield code="a">World War, 1939-1945</subfield>
      <subfield code="x">Propaganda.</subfield>
    </datafield>
    <datafield tag="928" ind1=" " ind2=" ">
      <subfield code="a">AC031297</subfield>
    </datafield>
    <datafield tag="948" ind1=" " ind2=" ">
      <subfield code="a">OCLC</subfield>
    </datafield>
  </record>