
  <record xmlns="http://www.loc.gov/MARC21/slim">
    <leader>00869cam a2200277 i 4500</leader>
    <controlfield tag="001">157783</controlfield>
    <controlfield tag="005">20110512113540.0</controlfield>
    <controlfield tag="008">801231s    1935gw      ab    00010 ger d</controlfield>
    <datafield tag="035" ind1=" " ind2=" ">
      <subfield code="a">(OCoLC)ocn702825303</subfield>
    </datafield>
    <datafield tag="035" ind1=" " ind2=" ">
      <subfield code="a">(CStRLIN)CTYG3613668-B</subfield>
    </datafield>
    <datafield tag="035" ind1=" " ind2=" ">
      <subfield code="9">AAR8689YL</subfield>
    </datafield>
    <datafield tag="035" ind1=" " ind2=" ">
      <subfield code="a">157783</subfield>
    </datafield>
    <datafield tag="040" ind1=" " ind2=" ">
      <subfield code="a">PSt</subfield>
      <subfield code="c">PSt</subfield>
      <subfield code="d">CtY</subfield>
    </datafield>
    <datafield tag="079" ind1=" " ind2=" ">
      <subfield code="a">ocn702376261</subfield>
    </datafield>
    <datafield tag="090" ind1=" " ind2=" ">
      <subfield code="b">\Film\B3413\4</subfield>
    </datafield>
    <datafield tag="100" ind1="1" ind2=" ">
      <subfield code="a">Lammermann, Karl,</subfield>
      <subfield code="d">1910-</subfield>
    </datafield>
    <datafield tag="245" ind1="1" ind2="0">
      <subfield code="a">Von der attischen Urbanität und ihrer Auswirkung in der Sprache /</subfield>
      <subfield code="c">vorgelegt von Karl Lammermann.</subfield>
    </datafield>
    <datafield tag="260" ind1="0" ind2=" ">
      <subfield code="a">Göttingen :</subfield>
      <subfield code="b">[s. n.],</subfield>
      <subfield code="c">1935.</subfield>
    </datafield>
    <datafield tag="300" ind1=" " ind2=" ">
      <subfield code="a">vii, 82 p.</subfield>
    </datafield>
    <datafield tag="500" ind1=" " ind2=" ">
      <subfield code="a">Vita.</subfield>
    </datafield>
    <datafield tag="533" ind1=" " ind2=" ">
      <subfield code="a">Microfilm.  New Haven : Yale University Library, Photographic Services, 1977. -- 1 reel ; 35 mm.</subfield>
    </datafield>
    <datafield tag="502" ind1=" " ind2=" ">
      <subfield code="a">Thesis--Göttingen.</subfield>
    </datafield>
    <datafield tag="504" ind1=" " ind2=" ">
      <subfield code="a">"Literatur": p. vii.</subfield>
    </datafield>
    <datafield tag="650" ind1=" " ind2="0">
      <subfield code="a">Greek language</subfield>
      <subfield code="x">Semantics.</subfield>
    </datafield>
    <datafield tag="928" ind1=" " ind2=" ">
      <subfield code="a">AC031297</subfield>
    </datafield>
    <datafield tag="948" ind1=" " ind2=" ">
      <subfield code="a">OCLC</subfield>
    </datafield>
  </record>
</collection> 
